@MastersThesis{sgxCloudThesis,
	Title = "Management of Trusted and Privacy Enhanced Cloud Computing Environments",
	Author = "António Manuel Barata Ribeiro",
	School = "FCT-UNL",
	Year = "2019",
	Month = "March"
}

@MastersThesis{hsmThesis,
	Title = "Hardware Security Module Performance Optimization by Using a “Key Pool”",
	Author = "Nima Saboonchi",
	School = "KTH Royal Institute of Technology in Stockholm",
	Year = "2014"
}

@MastersThesis{pcopThesis,
	Title = "P-Cop: Securing PaaS Against Cloud Administration Threats",
	Author = "Bruno Miguel Cruz Braga",
	School = "Instituto Superior Técnico, Universidade de Lisboa",
	Year = "2016"
}

@MastersThesis{guiBorgesThesis,
	Title = "Practical Isolated Searchable Encryption in a Trusted Computing Environment",
	Author = "Guilherme Rosas Borges",
	School = "FCT-UNL",
	Year = "2018"
}

@inproceedings{snortPaper,
	author = "Martin Roesch and Stanford Telecommunications",
	title = "Snort - Lightweight Intrusion Detection for Networks",
	booktitle = "",
	year = "1999",
	pages = "229--238"
}

@inproceedings{sNFVPaper,
	doi = "10.1145/2876019.2876032",
	url = "https://doi.org/10.1145/2876019.2876032",
	year = "2016",
	publisher = "ACM Press",
	author = "Ming-Wei Shih and Mohan Kumar and Taesoo Kim and Ada Gavrilovska",
	title = "S-NFV",
	booktitle = "Proceedings of the 2016 ACM International Workshop on Security in Software Defined Networks \& Network Function Virtualization - SDN-NFV Security '16"
}

@inproceedings{secretPaper,
	doi = "10.14722/ndss.2015.23189",
	url = "https://doi.org/10.14722/ndss.2015.23189",
	year = "2015",
	publisher = "Internet Society",
	author = "Jinsoo Jang and Sunjune Kong and Minsu Kim and Daegyeong Kim and Brent Byunghoon Kang",
	title = "SeCReT: Secure Channel between Rich Execution Environment and Trusted Execution Environment",
	booktitle = "Proceedings 2015 Network and Distributed System Security Symposium"
}
@inproceedings{hdfiPaper,
	doi = "10.1109/sp.2016.9",
	url = "https://doi.org/10.1109/sp.2016.9",
	year = "2016",
	month = may,
	publisher = "IEEE",
	author = "Chengyu Song and Hyungon Moon and Monjur Alam and Insu Yun and Byoungyoung Lee and Taesoo Kim and Wenke Lee and Yunheung Paek",
	title = "HDFI: Hardware-Assisted Data-Flow Isolation",
	booktitle = "2016 IEEE Symposium on Security and Privacy (SP)"
}

@inproceedings{torSGXPaper,
	doi = "10.1145/2834050.2834100",
	url = "https://doi.org/10.1145/2834050.2834100",
	year = "2015",
	publisher = "ACM Press",
	author = "Seongmin Kim and Youjung Shin and Jaehyung Ha and Taesoo Kim and Dongsu Han",
	title = "A First Step Towards Leveraging Commodity Trusted Execution Environments for Network Applications",
	booktitle = "Proceedings of the 14th ACM Workshop on Hot Topics in Networks - HotNets-XIV"
}

@inproceedings {graphenePaper,
	author = "Chia-che Tsai and Donald E. Porter and Mona Vij",
	title = "Graphene-SGX: A Practical Library OS for Unmodified Applications on SGX",
	booktitle = "2017 USENIX Annual Technical Conference (USENIX ATC 17)",
	year = "2017",
	isbn = "978-1-931971-38-6",
	address = "Santa Clara, CA",
	pages = "645--658",
	url = "https://www.usenix.org/conference/atc17/technical-sessions/presentation/tsai",
	publisher = "USENIX Association"
}

@inproceedings {sconePaper,
	author = "Sergei Arnautov and Bohdan Trach and Franz Gregor and Thomas Knauth and Andre Martin and Christian Priebe and Joshua Lind and Divya Muthukumaran and Dan O Keeffe and Mark L. Stillwell and David Goltzsche and Dave Eyers and Rudiger Kapitza and Peter Pietzuch and Christof Fetzer",
	title = "SCONE: Secure Linux Containers with Intel SGX",
	booktitle = "12th USENIX Symposium on Operating Systems Design and Implementation (OSDI 16)",
	year = "2016",
	isbn = "978-1-931971-33-1",
	address = "Savannah, GA",
	pages = "689--703",
	url = "https://www.usenix.org/conference/osdi16/technical-sessions/presentation/arnautov",
	publisher = "USENIX Association"
}

@inproceedings{panoplyPaper,
	doi = "10.14722/ndss.2017.23500",
	url = "https://doi.org/10.14722/ndss.2017.23500",
	year = "2017",
	publisher = "Internet Society",
	author = "Shweta Shinde and Dat Le Tien and Shruti Tople and Prateek Saxena",
	title = "Panoply: Low-TCB Linux Applications with SGX Enclaves",
	booktitle = "Proceedings 2017 Network and Distributed System Security Symposium"
}


@inproceedings {opaquePaper,
	author = "Wenting Zheng and Ankur Dave and Jethro G. Beekman and Raluca Ada Popa and Joseph E. Gonzalez and Ion Stoica",
	title = "Opaque: An Oblivious and Encrypted Distributed Analytics Platform",
	booktitle = "14th USENIX Symposium on Networked Systems Design and Implementation (NSDI 17)",
	year = "2017",
	isbn = "978-1-931971-37-9",
	address = "Boston, MA",
	pages = "283--298",
	url = "https://www.usenix.org/conference/nsdi17/technical-sessions/presentation/zheng",
	publisher = "USENIX Association"
}

@inproceedings {ryoanPaper,
	author = "Tyler Hunt and Zhiting Zhu and Yuanzhong Xu and Simon Peter and Emmett Witchel",
	title = "Ryoan: A Distributed Sandbox for Untrusted Computation on Secret Data",
	booktitle = "12th USENIX Symposium on Operating Systems Design and Implementation (OSDI 16)",
	year = "2016",
	isbn = "978-1-931971-33-1",
	address = "Savannah, GA",
	pages = "533--549",
	url = "https://www.usenix.org/conference/osdi16/technical-sessions/presentation/hunt",
	publisher = "USENIX Association"
}

@Misc{intelSGX,
	title = "Intel Software Security Guard Extentions",	
	url = "https://www.intel.com/content/www/us/en/architecture-and-technology/software-guard-extensions.html",
	note = "Accessed: 04-07-2019"
}
@inproceedings{sgxPaper,
	doi = "10.1145/2948618.2954331",
	url = "https://doi.org/10.1145/2948618.2954331",
	year = "2016",
	publisher = "ACM Press",
	author = "Frank McKeen and Ilya Alexandrovich and Ittai Anati and Dror Caspi and Simon Johnson and Rebekah Leslie-Hurd and Carlos Rozas",
	title = "Intel Software Guard Extensions (Intel-SGX) Support for Dynamic Memory Management Inside an Enclave",
	booktitle = "Proceedings of the Hardware and Architectural Support for Security and Privacy 2016 on - HASP 2016"
}

@inproceedings{zookeeper,
	author = "Patrick Hunt and Mahadev Konar and Flavio P. Junqueira and Benjamin Reed",
	title = "ZooKeeper: Wait-free Coordination for Internet-scale Systems",
	booktitle = "In USENIX Annual Technical Conference",
	year = ""
}

@Misc{protectedZooKeeper,
	title = "Running ZooKeeper Coordination Services in Untrusted Clouds",	
	author = "Stefan Brenner, Colin Wulf, Rudiger Kapitza",
	note = "Accessed: 04-07-2019"
}
@inproceedings {protectedZooKeeper,
	author = "Stefan Brenner and Colin Wulf and Rudiger Kapitza",
	title = "Running ZooKeeper Coordination Services in Untrusted Clouds",
	booktitle = "10th Workshop on Hot Topics in System Dependability (HotDep 14)",
	year = "2014",
	address = "Broomfield, CO",
	url = "https://www.usenix.org/conference/hotdep14/workshop-program/presentation/brenner",
	publisher = "USENIX" Association"
}

@inproceedings{vc3Paper,
	doi = "10.1109/sp.2015.10",
	url = "https://doi.org/10.1109/sp.2015.10",
	year = "2015",
	month = "may",
	publisher = "IEEE",
	author = "Felix Schuster and Manuel Costa and Cedric Fournet and Christos Gkantsidis and Marcus Peinado and Gloria Mainar-Ruiz and Mark Russinovich",
	title = "VC3: Trustworthy Data Analytics in the Cloud Using SGX",
	booktitle = "2015 IEEE Symposium on Security and Privacy"
}

@inproceedings{mapReduce,
	author = "Dean, Jeffrey and Ghemawat, Sanjay",
	year = "2004",
	month = "01",
	pages = "137-150",
	title = "MapReduce: Simplified Data Processing on Large Clusters",
	volume = "51",
	journal = "Communications of the ACM",
	doi = "10.1145/1327452.1327492"
}


@inproceedings{hadoop,
	doi = "10.1109/msst.2010.5496972",
	url = "https://doi.org/10.1109/msst.2010.5496972",
	year = "2010",
	month = "may",
	publisher = "IEEE",
	author = "Konstantin Shvachko and Hairong Kuang and Sanjay Radia and Robert Chansler",
	title = "The Hadoop Distributed File System",
	booktitle = "2010 IEEE 26th Symposium on Mass Storage Systems and Technologies (MSST)"
}

@inproceedings{segoPaper,
	doi = "10.1145/2872362.2872372",
	url = "https://doi.org/10.1145/2872362.2872372",
	year = "2016",
	publisher = "ACM Press",
	author = "Youngjin Kwon and Alan M. Dunn and Michael Z. Lee and Owen S. Hofmann and Yuanzhong Xu and Emmett Witchel",
	title = "Sego",
	booktitle = "Proceedings of the Twenty-First International Conference on Architectural Support for Programming Languages and Operating Systems - ASPLOS 16"
}


@inproceedings{inkTagPaper,
	doi = "10.1145/2451116.2451146",
	url = "https://doi.org/10.1145/2451116.2451146",
	year = "2013",
	publisher = "ACM Press",
	author = "Owen S. Hofmann and Sangman Kim and Alan M. Dunn and Michael Z. Lee and Emmett Witchel",
	title = "InkTag",
	booktitle = "Proceedings of the eighteenth international conference on Architectural support for programming languages and operating systems - ASPLOS 13"
}


@inproceedings{SeCagePaper,
	doi = "10.1145/2810103.2813690",
	url = "https://doi.org/10.1145/2810103.2813690",
	year = "2015",
	publisher = "ACM Press",
	author = "Yutao Liu and Tianyu Zhou and Kexin Chen and Haibo Chen and Yubin Xia",
	title = "Thwarting Memory Disclosure with Efficient Hypervisor-enforced Intra-domain Isolation",
	booktitle = "Proceedings of the 22nd ACM SIGSAC Conference on Computer and Communications Security - CCS 15"
}

@Misc{mlsMIT,
	title = "Red Hat Documentation - Multi-Level Security (MLS)",
	url = "https://web.mit.edu/rhel-doc/5/RHEL-5-manual/Deployment_Guide-en-US/sec-mls-ov.html",
	note = "Accessed: 26-06-2019"
}

@Misc{mushiPaper,
	title = "MUSHI: Toward Multiple Level Security Cloud with Strong Hardware Level Isolation",
	author = "Ning Zhang, Ming Li, Wenjing Lou, Y. Thomas Hou",
	year = "2013"
}

@Misc{flickerPaper,
	title = "Flicker: An Execution Infrastructure for TCB Minimization",
	author = "Jonathan M. McCune, Bryan Parno, Adrian Perrig, Michael K. Reiter, Hiroshi Isozaki",
	year = "2008",
	url = "https://www.cs.unc.edu/~reiter/papers/2008/EuroSys.pdf"
}

@Misc{virtGhostPaper,
	title = "Virtual Ghost: Protecting Applications from Hostile Operating Systems",
	author = "John Criswell, Nathan Dautenhahn, Vikram Adve",
	year = "2014",
	url = "http://sva.cs.illinois.edu/pubs/VirtualGhost-ASPLOS-2014.pdf"
}

@Misc{amdSEVPaper,
	title = "A Comparison Study of Intel SGX and AMD Memory Encryption Technology",
	author = "Saeid Mofrad, Fengwei Zhang, Shiyong Lu, Weidong Shi",
	year = "2018",
	url = "http://www.cs.wayne.edu/fengwei/paper/sgxsev-hasp18.pdf"
}

@Misc{amdPaper,
	title = "AMD MEMORY ENCRYPTION",
	author = "David Kaplan, Jeremy Powell, Tom Woller",
	year = "2016",
	url = "http://amd-dev.wpengine.netdna-cdn.com/wordpress/media/2013/12/AMD_Memory_Encryption_Whitepaper_v7-Public.pdf"
}

@Misc{sanctumPaper,
	title = "Sanctum: Minimal Hardware Extensions for Strong Software Isolation",
	author = "Victor Costan, Ilia Lebedev, and Srinivas Devadas",
	year = "2016",
	url = "https://eprint.iacr.org/2015/564.pdf"
}

@Misc{armTZPaper,
	title = "fTPM: A Software-Only Implementation of a TPM Chip",
	author = "Himanshu Raj, ContainerX; Stefan Saroiu, Alec Wolman, Ronald Aigner, Jeremiah Cox, Paul England, Chris Fenner, Kinshuman Kinshumann, Jork Loeser, Dennis Mattoon, Magnus Nystrom, David Robinson, Rob Spiger, Stefan Thom, and David Wooten",
	year = "2016",
	url = "https://www.usenix.org/system/files/conference/usenixsecurity16/sec16_paper_raj.pdf"
}

@Misc{hsmPaper,
	title = "An Overview of Hardware Security Modules",
	author = "Jim Attridge",
	text = "SANS Institute Information Security Reading Room",
	year = "2002",
	url = "https://www.sans.org/reading-room/whitepapers/vpns/overview-hardware-security-modules-757"
}

@Misc{ Artho03,
	author = "C. Artho and K. Havelund and A. Biere",
	title = "High-Level Data Races",
	text = "C. Artho, K. Havelund, and A. Biere. High-Level Data Races. In VVEIS'03, The First International Workshop on Verification and Validation of Enterprise Information Systems, April 2003. Angers, France.",
	year = "2003",
	url = "citeseer.ist.psu.edu/artho03highlevel.html"
}



@InProceedings{ Artho04,
	author = "Cyrille Artho and Klaus Havelund and Armin Biere",
	title = "Using Block-Local Atomicity to Detect Stale-Value Concurrency Errors",
	booktitle = "ATVA",
	year = "2004",
	pages = "150--164",
	crossref = "DBLP:conf/atva/2004",
	bibsource = "DBLP, http://dblp.uni-trier.de",
	ee = "http://springerlink.metapress.com/openurl.asp?genre=article{\&}issn=0302-9743{\&}volume=3299{\&}spage=150"
}

@Article{ Beckman08,
	title = "Verifying Correct Usage of Atomic Blocks and Typestate",
	author = "Nels E. Beckman and Kevin Bierhoff and Jonathan Aldrich",
	publisher = "ACM",
	address = "New York, NY, USA",
	journal = "SIGPLAN Not.",
	pages = "227--244",
	volume = "43",
	number = "10",
	year = "2008",
	issn = "0362-1340",
	doi = "http://doi.acm.org/10.1145/1449955.1449783"
}

@InProceedings{ Flanagan04,
	author = "Cormac Flanagan and Stephen N Freund",
	title = "Atomizer: a dynamic atomicity checker for multithreaded programs",
	booktitle = "POPL '04: Proceedings of the 31st ACM SIGPLAN-SIGACT symposium on Principles of programming languages",
	year = "2004",
	isbn = "1-58113-729-X",
	pages = "256--267",
	location = "Venice, Italy",
	doi = "http://doi.acm.org/10.1145/964001.964023",
	publisher = "ACM",
	address = "New York, NY, USA"
}

@Misc{ IBM-Rep,
	title = "{IBM's Concurrency Testing Repository}"
}

@InProceedings{ Praun03,
	author = "Christoph {von Praun} and Thomas R. Gross",
	title = "Static Detection of Atomicity Violations in Object-Oriented Programs",
	booktitle = "Journal of Object Technology",
	year = "2003",
	pages = "2004"
}

@InProceedings{ Shavit95,
	author = "Nir Shavit and Dan Touitou",
	title = "Software transactional memory",
	booktitle = "PODC '95: Proceedings of the fourteenth annual ACM symposium on Principles of distributed computing",
	year = "1995",
	isbn = "0-89791-710-3",
	pages = "204--213",
	location = "Ottowa, Ontario, Canada",
	doi = "http://doi.acm.org/10.1145/224964.224987",
	publisher = "ACM",
	address = "New York, NY, USA"
}

@Book{ Silberschatz06,
	author = "Abraham Silberschatz and Henry F. Korth and S. Sudarshan",
	title = "Database System Concepts",
	publisher = "McGraw-Hill",
	year = "2006",
	edition = "Fifth",
	isbn = "007-124476-X"
}

@Book{ Moss85,
	author = "J. Eliot B. Moss",
	title = "Nested transactions: an approach to reliable distributed computing",
	year = "1985",
	isbn = "0-262-13200-1",
	publisher = "Massachusetts Institute of Technology",
	address = "Cambridge, MA, USA"
}

@Proceedings{ DBLP:conf/atva/2004,
	editor = "Farn Wang",
	title = "Automated Technology for Verification and Analysis: Second International Conference, ATVA 2004, Taipei, Taiwan, ROC, October 31-November 3, 2004. Proceedings",
	booktitle = "ATVA",
	publisher = "Springer",
	series = "Lecture Notes in Computer Science",
	volume = "3299",
	year = "2004",
	isbn = "3-540-23610-4",
	bibsource = "DBLP, http://dblp.uni-trier.de"
}
